<record><leader>00000cas a2200000 a 4500</leader><controlfield tag="001">10855656</controlfield><controlfield tag="008">840618d181u1840vauir ne      0    0eng c</controlfield><datafield ind1=" " ind2=" " tag="010"><subfield code="a">sn 84024505 </subfield></datafield><datafield ind1=" " ind2=" " tag="040"><subfield code="a">NPV</subfield><subfield code="b">eng</subfield><subfield code="c">NPV</subfield><subfield code="d">NYG</subfield><subfield code="d">NPX</subfield><subfield code="d">DLC</subfield><subfield code="d">NVF</subfield><subfield code="d">MGN</subfield><subfield code="d">CNK</subfield><subfield code="d">NVK</subfield><subfield code="d">CNK</subfield><subfield code="d">MGN</subfield><subfield code="d">NVK</subfield><subfield code="d">FUG</subfield><subfield code="d">NVK</subfield><subfield code="d">OCL</subfield><subfield code="d">CUI</subfield><subfield code="d">DLC</subfield><subfield code="d">OCLCQ</subfield><subfield code="d">OCLCF</subfield></datafield><datafield ind1=" " ind2=" " tag="042"><subfield code="a">pcc</subfield></datafield><datafield ind1=" " ind2=" " tag="043"><subfield code="a">n-us-va</subfield></datafield><datafield ind1="0" ind2="0" tag="050"><subfield code="a">Newspaper</subfield></datafield><datafield ind1=" " ind2="4" tag="050"><subfield code="a">AN</subfield></datafield><datafield ind1="0" ind2="4" tag="245"><subfield code="a">The Intelligencer, &amp; Petersburg commercial advertiser.</subfield></datafield><datafield ind1="3" ind2=" " tag="246"><subfield code="a">Intelligencer, and Petersburg commercial advertiser</subfield></datafield><datafield ind1=" " ind2=" " tag="260"><subfield code="a">Petersburg, Va. :</subfield><subfield code="b">Thomas Whitworth &amp; F.G. Yancey</subfield></datafield><datafield ind1=" " ind2=" " tag="300"><subfield code="a">v. :</subfield><subfield code="b">ill. ;</subfield><subfield code="c">59 cm.</subfield></datafield><datafield ind1=" " ind2=" " tag="310"><subfield code="a">Triweekly,</subfield><subfield code="b">&lt;Dec. 3, 1840&gt;</subfield></datafield><datafield ind1=" " ind2=" " tag="321"><subfield code="a">Semiweekly,</subfield><subfield code="b">&lt;1816-1840&gt;</subfield></datafield><datafield ind1="1" ind2=" " tag="362"><subfield code="a">Ceased in 1840.</subfield><subfield code="z">Cf. Cappon, L.J. Va. newspapers.</subfield></datafield><datafield ind1=" " ind2=" " tag="500"><subfield code="a">Publishers: Frances G. Yancey, &lt;1818-1821&gt;; R[ichard] Field &amp; T.L. Wilson &lt;1829&gt;; Yancey &amp; Wilson, &lt;1831-1832&gt;; R. Burchett Jr. &amp; T.L. Wilson &lt;1834&gt;; Robert Buchett, Jr, 1836-1840.</subfield></datafield><datafield ind1=" " ind2=" " tag="515"><subfield code="a">Numbering begins again; issue for Oct. 3, 1831 called vol. 2, no. 88.</subfield></datafield><datafield ind1=" " ind2=" " tag="525"><subfield code="a">Dec. 9, 1825 issue has supplement.</subfield></datafield><datafield ind1=" " ind2=" " tag="530"><subfield code="a">Also issued on microfilm from Bell &amp; Howell, Micro Photo Div.; State Historical Society of Wisconsin; UMI.</subfield></datafield><datafield ind1=" " ind2=" " tag="580"><subfield code="a">Also published in a weekly ed. &lt;1816&gt;-</subfield></datafield><datafield ind1=" " ind2=" " tag="588"><subfield code="a">Description based on: Vol. 30, no. (Sept. 17, 1816).</subfield></datafield><datafield ind1=" " ind2=" " tag="588"><subfield code="a">Latest issue consulted: Vol. 9, no. 129 (June 6, 1840).</subfield></datafield><datafield ind1=" " ind2="0" tag="651"><subfield code="a">Petersburg (Va.)</subfield><subfield code="v">Newspapers.</subfield></datafield><datafield ind1=" " ind2="7" tag="655"><subfield code="a">Newspapers.</subfield><subfield code="2">fast</subfield><subfield code="0">(OCoLC)fst01423814</subfield></datafield><datafield ind1=" " ind2="7" tag="651"><subfield code="a">Virginia</subfield><subfield code="z">Petersburg.</subfield><subfield code="2">fast</subfield><subfield code="0">(OCoLC)fst01209840</subfield></datafield><datafield ind1="1" ind2=" " tag="700"><subfield code="a">Whitworth, Thomas,</subfield><subfield code="d">1794-1874.</subfield></datafield><datafield ind1="1" ind2=" " tag="700"><subfield code="a">Yancey, Frances Garland,</subfield><subfield code="d">1794-1833.</subfield></datafield><datafield ind1=" " ind2=" " tag="752"><subfield code="a">United States</subfield><subfield code="b">Virginia</subfield><subfield code="d">Petersburg.</subfield></datafield><datafield ind1="0" ind2="0" tag="780"><subfield code="t">Petersburg intelligencer (Petersburg, Va. : 1800 : Semiweekly)</subfield><subfield code="w">(DLC)sn 85025963</subfield><subfield code="w">(OCoLC)11988637</subfield></datafield><datafield ind1="0" ind2="5" tag="780"><subfield code="t">Times (Petersburg, Va.)</subfield><subfield code="w">(DLC)sn 86071748</subfield><subfield code="w">(OCoLC)13944731</subfield></datafield><datafield ind1="0" ind2="0" tag="785"><subfield code="t">Intelligencer and tri-weekly commercial advertiser</subfield><subfield code="w">(DLC)sn 86071795</subfield><subfield code="w">(OCoLC)13999248</subfield></datafield></record>